% Encoding: UTF8 
@book{Lee_Markus,
author = "Ли, Э. Б. and Маркус, Л.",
title = "Основы теории оптимального управления.",
address = "М.",
publisher = "<<Наука>>",
year = 1972,
numpages = 578,
language = "russian"
}
@book{4authors,
author = "Понтрягин, Л. С. and Болтянский, В. Г. and Гамкрелидзе, Р. В. and Мищенко, Е. Ф.",
title = "Математическая теория оптимальных процессов.",
address = "М.",
publisher = "<<Наука>>",
year = 1983,
numpages = 400,
language = "russian"
}
@book{Ivchenko_Medvedev,
author = "Ивченко, Г. И. and Медведев, Ю. И.",
title = "Введение в математическую статистику.",
address = "М.",
publisher = "Издательство ЛКИ",
year = 2010,
numpages = 600,
language = "russian"
}
@book{Kolmogorov_Fomin,
author = "Колмогоров, А. Н. and Фомин, С. В.",
title = "Элементы теории функций и функционального анализа.",
address = "М.",
publisher = "<<НАУКА>>",
year = 1976,
numpages = 544,
language = "russian"
}
@article{Box_Muller,
author = "Box, G. E. and Muller, E.",
title = "A Note on the Generation of Random Normal Deviates.",
journal = "The Annals of Mathematical Statistics",
year = 1958,
language = "english"
}
@book{miit_method,
author = "Иванов, А. В. and Иванова, А. П.",
title = "Моделирование случайных величин, систем массового обслуживания и случайных процессов. Часть 3.",
address = "М.",
publisher = "МИИТ",
year = 2006,
numpages = 52,
language = "russian"}
@book{Gulin_Samarskiy,
author = "Самарский, А. А. and Гулин, А. В.",
title = "Численные методы.",
address = "М.",
publisher = "Наука",
year = 1989,
numpages = 432,
language = "russian"}
@book{Buslenko_Shreider,
author = "Бусленко, Н. П. and Шрейдер, Ю. А.",
title = "Метод статистический испутаний (Монте-Карло) и его реализация на цифровых вычислительных машинах.",
address = "М.",
publisher = "Гос.\,издательство физико-математической литературы",
year = 1961,
numpages = 230,
language = "russian"}
@article{muller_dirichlet,
     jstor_articletype = {research-article},
     title = {Some Continuous Monte Carlo Methods for the Dirichlet Problem},
     author = {Muller, Mervin E.},
     journal = {The Annals of Mathematical Statistics},
     jstor_issuetitle = {},
     volume = {27},
     number = {3},
     jstor_formatteddate = {Sep., 1956},
     pages = {pp. 569-589},
     url = {http://www.jstor.org/stable/2237369},
     ISSN = {00034851},
     abstract = {Monte Carlo techniques are introduced, using stochastic models which are Markov processes. This material includes the $N$-dimensional Spherical, General Spherical, and General Dirichlet Domain processes. These processes are proved to converge with probability 1, and thus to yield direct statistical estimates of the solution to the $N$-dimensional Dirichlet problem. The results are obtained without requiring any further restrictions on the boundary or the function defined on the boundary, in addition to those required for the existence and uniqueness of the solution to the Dirichlet problem. A detailed study is made for the $N$-dimensional Spherical process; this includes a study of the order of the average number of steps required for convergence. Asymptotic confidence intervals are obtained. When computing effort is measured in terms of the order of the average number of steps required for convergence, the often-made conjecture that the computing effort of a Monte Carlo procedure should be a linear function of the dimensionality of the problem is shown to be true for the cases considered. Comments are included regarding the application of these processes on digital computers, and truncation methods are suggested.},
     language = {English},
     year = {1956},
     publisher = {Institute of Mathematical Statistics},
     copyright = {Copyright © 1956 Institute of Mathematical Statistics},
    }
@book{shiryaev,
  title={Вероятность.},
  author={Ширяев, А.Н.},
  lccn={81126942},
  url={http://books.google.ru/books?id=XGWTMQEACAAJ},
  year={1980},
  address = "М.",
  publisher={Наука}
}
@book{gihman_skorohod,
  title={Введение в теорию случайных процессов.},
  author={Гихман, И.И. and Скороход, А.В.},
  lccn={66035446},
  url={http://books.google.ru/books?id=JTs6AAAAMAAJ},
  year={1965},
  address = "М.",
  publisher={Наука; Глав. ред. физико-математической лит-ры}
}
@book{feller,
  title={Введение в теорию вероятностей и ее приложения.},
  author={Феллер, В.},
  url={http://books.google.ru/books?id=AEHSXwAACAAJ},
  address = "М.",
  year={1967},
  publisher={Мир}
}
@book{kingman,
  title={Пуассоновские процессы.},
  author={Кингман, Дж.},
  address = "М.",
  year={1967},
  publisher={МЦНМО}
}


